<?xml version="1.0" encoding="UTF-8"?><collection xmlns="http://www.loc.gov/MARC21/slim"><record><leader>00611nam--2200193-i-4500</leader><controlfield tag="001">000034611</controlfield><controlfield tag="002">20161230</controlfield><controlfield tag="005">20161230201040</controlfield><controlfield tag="008">060222s1000------------r-----000-0-eng-d</controlfield><datafield ind1=" " ind2=" " tag="040"><subfield code="a">IFIN-HH</subfield></datafield><datafield ind1=" " ind2=" " tag="080"><subfield code="a">541.124</subfield></datafield><datafield ind1="1" ind2=" " tag="100"><subfield code="a">Nicolis, G./S.A.</subfield></datafield><datafield ind1="1" ind2="0" tag="245"><subfield code="a">Chemical instabilities. applications in chemistry, engineering, geology, and materials science</subfield><subfield code="c">G. nicolis, f. baras (eds.)</subfield></datafield><datafield ind1=" " ind2=" " tag="260"><subfield code="a">Dordrecht</subfield><subfield code="b">D.Reidel Publishing Company</subfield><subfield code="c">1984</subfield></datafield><datafield ind1=" " ind2=" " tag="300"><subfield code="a">XXVI+420P</subfield></datafield><datafield ind1=" " ind2=" " tag="490"><subfield code="a">Nato Advances Study Institutes Series C, 120</subfield></datafield><datafield ind1="1" ind2=" " tag="700"><subfield code="a">Baras, F</subfield><subfield code="e">Ed</subfield></datafield><datafield ind1=" " ind2=" " tag="852"><subfield code="a">42548</subfield><subfield code="c">53</subfield></datafield><datafield ind1=" " ind2=" " tag="CAT"><subfield code="a">Sys</subfield><subfield code="c">20150323</subfield><subfield code="h">144225</subfield></datafield></record></collection>